# Macintosh Human Interface Guidelines.
@article{mills1992macintosh,
  title={Macintosh Human Interface Guidelines},
  author={Mills, Don and Bonn, England Amsterdam and San Juan, Sydney Singapore Tokyo Madrid},
  year={1992}
}

# Hassenzahl 2010 (book).
@article{hassenzahl2010experience,
  title={Experience design: Technology for all the right reasons},
  author={Hassenzahl, Marc},
  journal={Synthesis lectures on human-centered informatics},
  volume={3},
  number={1},
  pages={1--95},
  year={2010},
  publisher={Morgan \& Claypool Publishers}
}

# Hassenzahl 2003 (hedonic/pragmatic).
@article{hassenzahl2007hedonic,
  title={The hedonic/pragmatic model of user experience},
  author={Hassenzahl, Marc},
  journal={Towards a UX manifesto},
  volume={10},
  year={2007}
}

# Gelman (figure at p. 5).
@article{gelman2020bayesian,
  title={Bayesian workflow},
  author={Gelman, Andrew and Vehtari, Aki and Simpson, Daniel and Margossian, Charles C and Carpenter, Bob and Yao, Yuling and Kennedy, Lauren and Gabry, Jonah and B{\"u}rkner, Paul-Christian and Modr{\'a}k, Martin},
  journal={arXiv preprint arXiv:2011.01808},
  year={2020}
}

# pyMC3
@article{Salvatier2016,
  doi = {10.7717/peerj-cs.55},
  url = {https://doi.org/10.7717/peerj-cs.55},
  year  = {2016},
  month = {apr},
  publisher = {{PeerJ}},
  volume = {2},
  pages = {e55},
  author = {John Salvatier and Thomas V. Wiecki and Christopher Fonnesbeck},
  title = {Probabilistic programming in Python using {PyMC}3},
  journal = {{PeerJ} Computer Science}
}

# brms
@article{Burkner2017,
    title = {{brms}: An {R} Package for {Bayesian} Multilevel Models Using {Stan}},
    author = {Paul-Christian BÃ¼rkner},
    journal = {Journal of Statistical Software},
    year = {2017},
    volume = {80},
    number = {1},
    pages = {1--28},
    doi = {10.18637/jss.v080.i01},
    encoding = {UTF-8},
}

# streamlit
# https://streamlit.io/


