# Jensen 2019 (overview), Roux 2014 (WM), Fries 2005 (CTC), Varela 2001, Bonnefond 2017 (nested), Roux 2012 (gamma), Fries 2015 (CTC), Jensen 2010 (GBI), Friston 2011 (review), Bosman (2012), Spaak (2012)

@article{jensen2019human,
  title={Human brain oscillations: from physiological mechanisms to analysis and cognition},
    author={Jensen, Ole and Spaak, Eelke and Zumer, Johanna M},
      journal={Magnetoencephalography: From signals to dynamic cortical networks},
        pages={471--517},
	  year={2019},
	    publisher={Springer}
}

@article{roux2014working,
	  title={Working memory and neural oscillations: alpha--gamma versus theta--gamma codes for distinct WM information?},
	    author={Roux, Fr{\'e}d{\'e}ric and Uhlhaas, Peter J},
	      journal={Trends in cognitive sciences},
	        volume={18},
		  number={1},
		    pages={16--25},
		      year={2014},
		        publisher={Elsevier}
}

@article{fries2005mechanism,
	  title={A mechanism for cognitive dynamics: neuronal communication through neuronal coherence},
	    author={Fries, Pascal},
	      journal={Trends in cognitive sciences},
	        volume={9},
		  number={10},
		    pages={474--480},
		      year={2005},
		        publisher={Elsevier}
}

@article{varela2001brainweb,
	  title={The brainweb: phase synchronization and large-scale integration},
	    author={Varela, Francisco and Lachaux, Jean-Philippe and Rodriguez, Eugenio and Martinerie, Jacques},
	      journal={Nature reviews neuroscience},
	        volume={2},
		  number={4},
		    pages={229--239},
		      year={2001},
		        publisher={Nature Publishing Group}
}

@article{roux2012gamma,
	  title={Gamma-band activity in human prefrontal cortex codes for the number of relevant items maintained in working memory},
	    author={Roux, Fr{\'e}d{\'e}ric and Wibral, Michael and Mohr, Harald M and Singer, Wolf and Uhlhaas, Peter J},
	      journal={Journal of Neuroscience},
	        volume={32},
		  number={36},
		    pages={12411--12420},
		      year={2012},
		        publisher={Soc Neuroscience}
}

@article{bonnefond2017communication,
	  title={Communication between brain areas based on nested oscillations},
	    author={Bonnefond, Mathilde and Kastner, Sabine and Jensen, Ole},
	      journal={eneuro},
	        volume={4},
		  number={2},
		    year={2017},
		      publisher={Society for Neuroscience}
}

@article{fries2015rhythms,
	  title={Rhythms for cognition: communication through coherence},
	    author={Fries, Pascal},
	      journal={Neuron},
	        volume={88},
		  number={1},
		    pages={220--235},
		      year={2015},
		        publisher={Elsevier}
}

@article{jensen2010shaping,
	  title={Shaping functional architecture by oscillatory alpha activity: gating by inhibition},
	    author={Jensen, Ole and Mazaheri, Ali},
	      journal={Frontiers in human neuroscience},
	        volume={4},
		  pages={186},
		    year={2010},
		      publisher={Frontiers}
}

@article{friston2011functional,
	  title={Functional and effective connectivity: a review},
	    author={Friston, Karl J},
	      journal={Brain connectivity},
	        volume={1},
		  number={1},
		    pages={13--36},
		      year={2011},
		        publisher={Mary Ann Liebert, Inc. 140 Huguenot Street, 3rd Floor New Rochelle, NY 10801 USA}
}

@article{spaak2012layer,
	  title={Layer-specific entrainment of gamma-band neural activity by the alpha rhythm in monkey visual cortex},
	    author={Spaak, Eelke and Bonnefond, Mathilde and Maier, Alexander and Leopold, David A and Jensen, Ole},
	      journal={Current Biology},
	        volume={22},
		  number={24},
		    pages={2313--2318},
		      year={2012},
		        publisher={Elsevier}
}

@article{bosman2012attentional,
	  title={Attentional stimulus selection through selective synchronization between monkey visual areas},
	    author={Bosman, Conrado A and Schoffelen, Jan-Mathijs and Brunet, Nicolas and Oostenveld, Robert and Bastos, Andre M and Womelsdorf, Thilo and Rubehn, Birthe and Stieglitz, Thomas and De Weerd, Peter and Fries, Pascal},
	      journal={Neuron},
	        volume={75},
		  number={5},
		    pages={875--888},
		      year={2012},
		        publisher={Elsevier}
}

@article{sauseng2009brain,
	  title={Brain oscillatory substrates of visual short-term memory capacity},
	    author={Sauseng, Paul and Klimesch, Wolfgang and Heise, Kirstin F and Gruber, Walter R and Holz, Elisa and Karim, Ahmed A and Glennon, Mark and Gerloff, Christian and Birbaumer, Niels and Hummel, Friedhelm C},
	      journal={Current biology},
	        volume={19},
		  number={21},
		    pages={1846--1852},
		      year={2009},
		        publisher={Elsevier}
}

